<collection xmlns="http://www.loc.gov/MARC21/slim">
<record>
  <leader>00891nam0a22002051i 450 </leader>
  <controlfield tag="001">IT\ICCU\CNCE\055630</controlfield>
  <controlfield tag="005">20060403000000.0</controlfield>
  <datafield tag="100" ind1=" " ind2=" ">
    <subfield code="a">20040211d1590        0itac0103    ba</subfield>
  </datafield>
  <datafield tag="101" ind1=" " ind2=" ">
    <subfield code="a">ITA</subfield>
  </datafield>
  <datafield tag="102" ind1=" " ind2=" ">
    <subfield code="a">IT</subfield>
  </datafield>
  <datafield tag="200" ind1="1" ind2=" ">
    <subfield code="a">℗La ℗rappresentatione di s. Gio. Battista. Nuouamente composta con diuerse rime, da m. Biaso Lauro Lando dell&apos;Amatrice. Rappresentata in detta terra nella piazza del santissimo Crocifisso nell&apos;anno 1586</subfield>
  </datafield>
  <datafield tag="210" ind1=" " ind2=" ">
    <subfield code="a">In Oruieto</subfield>
    <subfield code="c">per Antonio Colaldi</subfield>
    <subfield code="d">1590</subfield>
  </datafield>
  <datafield tag="215" ind1=" " ind2=" ">
    <subfield code="a">\8! c.</subfield>
    <subfield code="c">ill.</subfield>
    <subfield code="d">4ʻ</subfield>
  </datafield>
  <datafield tag="620" ind1=" " ind2=" ">
    <subfield code="a">IT</subfield>
    <subfield code="d">Orvieto</subfield>
  </datafield>
  <datafield tag="700" ind1=" " ind2="1">
    <subfield code="a">Lando,</subfield>
    <subfield code="b">Biagio Lauro</subfield>
    <subfield code="3">IT\ICCU\CNCA\017229</subfield>
  </datafield>
  <datafield tag="712" ind1="0" ind2="0">
    <subfield code="a">Colaldi, Antonio</subfield>
    <subfield code="3">IT\ICCU\CNCT\000832</subfield>
    <subfield code="4">650</subfield>
  </datafield>
  <datafield tag="790" ind1=" " ind2="1">
    <subfield code="a">Lando,</subfield>
    <subfield code="b">Biaso Lauro</subfield>
    <subfield code="3">IT\ICCU\CNCA\025810</subfield>
    <subfield code="z">Lando, Biagio Lauro</subfield>
  </datafield>
  <datafield tag="791" ind1="0" ind2="0">
    <subfield code="a">Colaldus, Antonius</subfield>
    <subfield code="3">IT\ICCU\CNCT\004630</subfield>
    <subfield code="z">Colaldi, Antonio</subfield>
  </datafield>
  <datafield tag="791" ind1="0" ind2="0">
    <subfield code="a">Colaldo, Antonio</subfield>
    <subfield code="3">IT\ICCU\CNCT\004631</subfield>
    <subfield code="z">Colaldi, Antonio</subfield>
  </datafield>
  <datafield tag="801" ind1=" " ind2="3">
    <subfield code="a">IT</subfield>
    <subfield code="b">ICCU</subfield>
    <subfield code="c">20201115</subfield>
  </datafield>
</record>
</collection>
